@unpublished{IMS2017,
  title  = {A self-consistent integral equation framework for simulating optically active-media (invited)},
  author = {Glosser, Connor and Shanker, B. and Piermarocchi, Carlo},
  year   = {2017},
  note   = {International Microwave Symposium},
}

@unpublished{MSUERS,
  title  = {Quantum electrodynamics, a microscopic formulation of the {M}axwell-{B}loch equations},
  author = {Glosser, Connor and Shanker, B. and Piermarocchi, Carlo},
  year   = {2017},
  note   = {MSU Engineering Research Symposium},
}

@unpublished{URSI2016a,
  title  = {Analysis of dense quantum dot systems using a self-consistent Maxwell-Bloch framework},
  author = {Glosser, Connor and Shanker, B. and Piermarocchi, Carlo},
  year   = {2016},
  note   = {International Symposium on Antennas and Propagation and USNC-URSI Radio Science Meeting},
}

@unpublished{URSI2016b,
  title  = {Accelerating field calculations in spin-like active media},
  author = {Glosser, Connor and Shanker, B. and Piermarocchi, Carlo},
  year   = {2016},
  note   = {International Symposium on Antennas and Propagation and USNC-URSI Radio Science Meeting},
}

@unpublished{URSI2015,
  title  = {Ab initio energy transfer in semiclassical quantum dot systems},
  author = {Glosser, Connor and Shanker, B. and Piermarocchi, Carlo},
  year   = {2015},
  note   = {International Symposium on Antennas and Propagation and USNC-URSI Radio Science Meeting},
}

@unpublished{PGO,
  title  = {Using Mathematica as a research platform}
  author = {Glosser, Connor},
  year   = {2015},
  note   = {MSU Physics Graduate Organization Seminar},
}

@unpublished{APS_Denver,
  title  = {Computational fluid dynamics of acoustically driven bubble systems}
  author = {Glosser, Connor and Li, Jie and Dault, Daniel and Piermarocchi, Carlo and Shanker, B.},
  year   = {2014},
  note   = {American Physical Society March Meeting},
}
