% This file was created with JabRef 2.10.
% Encoding: UTF-8


@Article{Choudhary2013,
  Title                    = {Atomic-Scale Quantification of the Chemical Modification of Polystyrene through {S}, {SC}, and {SH} Deposition from Molecular Dynamics Simulations},
  Author                   = {Kamal Choudhary and Leah B. Hill and Connor Glosser and Travis W. Kemper and Eric W. Bucholz and Susan B. Sinnott},
  Journal                  = {The Journal of Physical Chemistry C},
  Year                     = {2013},
  Number                   = {23},
  Pages                    = {12103-12110},
  Volume                   = {117},

  __markedentry            = {[connor:]},
  Doi                      = {10.1021/jp401143h},
  Eprint                   = {http://dx.doi.org/10.1021/jp401143h},
  Owner                    = {connor},
  Timestamp                = {2015.12.16},
  Url                      = {http://dx.doi.org/10.1021/jp401143h}
}


@article{Glosser2017,
  title = {Collective {R}abi dynamics of electromagnetically coupled quantum-dot ensembles},
  author = {Glosser, Connor and Shanker, B. and Piermarocchi, Carlo},
  journal = {Phys. Rev. A},
  volume = {96},
  issue = {3},
  pages = {033816},
  numpages = {7},
  year = {2017},
  month = {Sep},
  publisher = {American Physical Society},
  doi = {10.1103/PhysRevA.96.033816},
  url = {https://link.aps.org/doi/10.1103/PhysRevA.96.033816}
}

@Article{Glosser2016,
  Title                    = {Computational dynamics of acoustically driven microsphere systems},
  Author                   = {Glosser, Connor and Piermarocchi, Carlo and Li, Jie and Dault, Dan and Shanker, B.},
  Journal                  = {Phys. Rev. E},
  Year                     = {2016},

  Month                    = {Jan},
  Pages                    = {013305},
  Volume                   = {93},

  __markedentry            = {[connor:6]},
  Doi                      = {10.1103/PhysRevE.93.013305},
  Issue                    = {1},
  Numpages                 = {7},
  Owner                    = {connor},
  Publisher                = {American Physical Society},
  Timestamp                = {2016.01.25},
  Url                      = {http://link.aps.org/doi/10.1103/PhysRevE.93.013305}
}

@Article{Gujarathi2014,
  Title                    = {\textit{Ab-initio} reconstruction of complex Euclidean networks in two dimensions},
  Author                   = {Gujarathi, S. R. and Farrow, C. L. and Glosser, C. and Granlund, L. and Duxbury, P. M.},
  Journal                  = {Phys. Rev. E},
  Year                     = {2014},

  Month                    = {May},
  Pages                    = {053311},
  Volume                   = {89},

  Doi                      = {10.1103/PhysRevE.89.053311},
  Issue                    = {5},
  Numpages                 = {9},
  Publisher                = {American Physical Society},
  Url                      = {http://link.aps.org/doi/10.1103/PhysRevE.89.053311}
}

